<?xml version="1.0" encoding="UTF-8" ?>
<collection xmlns:xsi="http://www.w3.org/2001/XMLSchema-instance"
    xsi:schemaLocation="http://www.loc.gov/MARC21/slim
        http://www.loc.gov/standards/marcxml/schema/MARC21slim.xsd"
    xmlns="http://www.loc.gov/MARC21/slim">
<record>
  <leader>00367cam a2200757 ia4500</leader>
  <controlfield tag="001">b1248281x</controlfield>
  <controlfield tag="003">LeBAU</controlfield>
  <controlfield tag="005">20200108</controlfield>
  <controlfield tag="008">110524m19551956le       d    000 0 ara d</controlfield>
  <datafield tag="035" ind1=" " ind2=" ">
    <subfield code="a">ocn784339742</subfield>
  </datafield>
  <datafield tag="040" ind1=" " ind2=" ">
    <subfield code="a">LEAUB</subfield>
    <subfield code="b">ara</subfield>
    <subfield code="e">rda</subfield>
    <subfield code="c">LEAUB</subfield>
    <subfield code="d">LEAUB</subfield>
  </datafield>
  <datafield tag="082" ind1="0" ind2="4">
    <subfield code="a">492.73</subfield>
    <subfield code="2">23</subfield>
  </datafield>
  <datafield tag="100" ind1="1" ind2=" ">
    <subfield code="6">880-01</subfield>
    <subfield code="a">Ibn Manẓūr, Muḥammad ibn Mukarram,</subfield>
    <subfield code="d">1232-1311 or 1312.</subfield>
    <subfield code="e">author.</subfield>
    <subfield code="0">https://lccn.loc.gov/n83043305 ,</subfield>
  </datafield>
  <datafield tag="245" ind1="1" ind2="0">
    <subfield code="6">880-02</subfield>
    <subfield code="a">Lisān al-ʻArab /</subfield>
    <subfield code="c">lil-Imām al-ʻAllāmah Abī al-Faḍl Jamāl al-Dīn Muḥammad bin Mukarram ibn Manẓūr al-Afrīqī al-Miṣrī.</subfield>
  </datafield>
  <datafield tag="264" ind1=" " ind2="1">
    <subfield code="6">880-03</subfield>
    <subfield code="a">Bayrūt :</subfield>
    <subfield code="b">Dār Ṣādir,</subfield>
    <subfield code="c">1374-1376 H. = 1955-1956 M.</subfield>
  </datafield>
  <datafield tag="300" ind1=" " ind2=" ">
    <subfield code="6">880-04</subfield>
    <subfield code="a">15 volumes ;</subfield>
    <subfield code="c">29 cm</subfield>
  </datafield>
  <datafield tag="336" ind1=" " ind2=" ">
    <subfield code="a">text</subfield>
    <subfield code="b">txt</subfield>
    <subfield code="2">rdacontent</subfield>
  </datafield>
  <datafield tag="337" ind1=" " ind2=" ">
    <subfield code="a">unmediated</subfield>
    <subfield code="b">n</subfield>
    <subfield code="2">rdamedia</subfield>
  </datafield>
  <datafield tag="338" ind1=" " ind2=" ">
    <subfield code="a">volume</subfield>
    <subfield code="b">nc</subfield>
    <subfield code="2">rdacarrier</subfield>
  </datafield>
  <datafield tag="500" ind1=" " ind2=" ">
    <subfield code="a">صفحة عنوان اضافية: Lisān al-ʻArab.</subfield>
  </datafield>
  <datafield tag="650" ind1=" " ind2="4">
    <subfield code="a">اللغة العربية</subfield>
    <subfield code="v">قواميس.</subfield>
  </datafield>
  <datafield tag="650" ind1=" " ind2="0">
    <subfield code="a">Arabic language</subfield>
    <subfield code="v">Dictionaries.</subfield>
  </datafield>
  <datafield tag="775" ind1="0" ind2="8">
    <subfield code="6">880-05</subfield>
    <subfield code="i">has designation of a named revision of an edition</subfield>
    <subfield code="4">http://rdaregistry.info/Elements/m/P30132 :</subfield>
    <subfield code="a">Ibn Manẓūr, Muḥammad ibn Mukarram, 1232-1311 or 1312.</subfield>
    <subfield code="t">Lisān al-ʻArab.</subfield>
    <subfield code="b">Ṭabʻah jadīdah, muḥaqqaqah wa-mashkūlah shaklan kāmilan wa-mudhayyalah bi-fahāris mufaṣṣalah.</subfield>
    <subfield code="d"> [al-Qāhirah] : Dār al-Maʻārif, 1989</subfield>
    <subfield code="w">(LEAUB)b22079476</subfield>
  </datafield>
  <datafield tag="775" ind1="0" ind2="8">
    <subfield code="6">880-06</subfield>
    <subfield code="i">has designation of edition</subfield>
    <subfield code="4">http://rdaregistry.info/Elements/m/P30133 :</subfield>
    <subfield code="a">Ibn Manẓūr, Muḥammad ibn Mukarram, 1232-1311 or 1312.</subfield>
    <subfield code="t">Lisān al-ʻArab.</subfield>
    <subfield code="b">al-Ṭabʻah al-ūlá.</subfield>
    <subfield code="d">Būlāq, Miṣr : al-Maṭbaʻah al-Mīrīyah, 1300-1307 H., [1882-1889? M.]</subfield>
    <subfield code="w">(OCoLC)784339739</subfield>
    <subfield code="w">(OCoLC)784339739</subfield>
  </datafield>
  <datafield tag="775" ind1="0" ind2="8">
    <subfield code="6">880-07</subfield>
    <subfield code="i">has designation of edition</subfield>
    <subfield code="4">http://rdaregistry.info/Elements/m/P30133 :</subfield>
    <subfield code="a">Ibn Manẓūr, Muḥammad ibn Mukarram, 1232-1311 or 1312.</subfield>
    <subfield code="t">Lisān al-ʻArab.</subfield>
    <subfield code="d">Bayrūt : Dār Ṣādir, [1968]</subfield>
    <subfield code="w">(LEAUB)b18258001</subfield>
  </datafield>
  <datafield tag="852" ind1=" " ind2=" ">
    <subfield code="a">Jafet Library</subfield>
    <subfield code="e">American University of Beirut, Bliss Street , Beirut, Lebanon.</subfield>
  </datafield>
  <datafield tag="880" ind1="1" ind2=" ">
    <subfield code="6">100-01/(3/r</subfield>
    <subfield code="a">ابن منظور، ابو الفضل محمد بن مكرم،</subfield>
    <subfield code="d">1232-1311 او 1312،</subfield>
    <subfield code="0">https://lccn.loc.gov/n83043305 ,</subfield>
    <subfield code="e">مؤلف. </subfield>
    <subfield code="4">aut.</subfield>
  </datafield>
  <datafield tag="880" ind1="1" ind2="0">
    <subfield code="6">245-02/(3/r</subfield>
    <subfield code="a">لسان العرب /</subfield>
    <subfield code="c">للإمام العلامة أبي الفضل جمال الدين محمد بن مكرم ابن منظور الإفريقي المصري.</subfield>
  </datafield>
  <datafield tag="880" ind1=" " ind2="1">
    <subfield code="6">264-03/(3/r</subfield>
    <subfield code="a">بيروت :</subfield>
    <subfield code="b">دار صادر،</subfield>
    <subfield code="c">1374-1376 هـ. = 1955-1956 م.</subfield>
  </datafield>
  <datafield tag="880" ind1=" " ind2=" ">
    <subfield code="6">300-04/(3/r</subfield>
    <subfield code="a">15 جزء ؛</subfield>
    <subfield code="c">29 سم</subfield>
  </datafield>
  <datafield tag="880" ind1="0" ind2="8">
    <subfield code="6">775-05/(3/r</subfield>
    <subfield code="i">دلالة على طبعة منقحة</subfield>
    <subfield code="4">http://rdaregistry.info/Elements/m/P30132 :</subfield>
    <subfield code="a">ابن منظور، ابو الفضل محمد بن مكرم، 1232-1311 او 1312.</subfield>
    <subfield code="t">لسان العرب.</subfield>
    <subfield code="b">طبعة جديدة، محققة ومشكولة شكلا كاملا ومذيلة بفهارس مفصلة.</subfield>
    <subfield code="d">[القاهرة] : دار المعارف، 1989</subfield>
    <subfield code="w">(LEAUB)b22079476</subfield>
  </datafield>
  <datafield tag="880" ind1="0" ind2="8">
    <subfield code="6">775-06/(3/r</subfield>
    <subfield code="i">دلالة على الطبعة</subfield>
    <subfield code="4">http://rdaregistry.info/Elements/m/P30133 :</subfield>
    <subfield code="a">ابن منظور، ابو الفضل محمد بن مكرم، 1232-1311 او 1312.</subfield>
    <subfield code="t">لسان العرب.</subfield>
    <subfield code="b">الطبعة الاولى.</subfield>
    <subfield code="d">بولاق، مصر : المطبعة الميرية، 1300-1307 هـ.، [1882-1889؟ م.]</subfield>
    <subfield code="w">(LEAUB)b1248278x</subfield>
    <subfield code="w">(OCoLC)784339739</subfield>
  </datafield>
  <datafield tag="880" ind1="0" ind2="8">
    <subfield code="6">775-07/(3/r</subfield>
    <subfield code="i">دلالة على الطبعة</subfield>
    <subfield code="4">http://rdaregistry.info/Elements/m/P30133 :</subfield>
    <subfield code="a">ابن منظور، ابو الفضل محمد بن مكرم، 1232-1311 او 1312.</subfield>
    <subfield code="t">لسان العرب.</subfield>
    <subfield code="d">بيروت : دار صادر، [1968]</subfield>
    <subfield code="w">(LEAUB)b18258001</subfield>
  </datafield>
  <datafield tag="907" ind1=" " ind2=" ">
    <subfield code="a">.b1248281x</subfield>
    <subfield code="b">20-02-10</subfield>
    <subfield code="c">11-05-24</subfield>
  </datafield>
  <datafield tag="907" ind1=" " ind2=" ">
    <subfield code="a">.b1248281x</subfield>
    <subfield code="b">15-10-15</subfield>
    <subfield code="c">11-05-24</subfield>
  </datafield>
  <datafield tag="945" ind1=" " ind2=" ">
    <subfield code="f">J</subfield>
    <subfield code="a">492.73:I13LiA:v.1:c.1</subfield>
    <subfield code="i">01025876</subfield>
    <subfield code="j">.i12971339</subfield>
    <subfield code="l">u0503</subfield>
  </datafield>
  <datafield tag="945" ind1=" " ind2=" ">
    <subfield code="f">J</subfield>
    <subfield code="a">492.73:I13LiA:v.1:c.2</subfield>
    <subfield code="i">01025877</subfield>
    <subfield code="j">.i12971340</subfield>
    <subfield code="l">u0503</subfield>
  </datafield>
  <datafield tag="945" ind1=" " ind2=" ">
    <subfield code="f">J</subfield>
    <subfield code="a">492.73:I13LiA:v.2:c.1</subfield>
    <subfield code="i">01025879</subfield>
    <subfield code="j">.i12971364</subfield>
    <subfield code="l">u0503</subfield>
  </datafield>
  <datafield tag="945" ind1=" " ind2=" ">
    <subfield code="f">J</subfield>
    <subfield code="a">492.73:I13LiA:v.2:c.2</subfield>
    <subfield code="i">01025880</subfield>
    <subfield code="j">.i12971376</subfield>
    <subfield code="l">u0503</subfield>
  </datafield>
  <datafield tag="945" ind1=" " ind2=" ">
    <subfield code="f">J</subfield>
    <subfield code="a">492.73:I13LiA:v.3:c.1</subfield>
    <subfield code="i">01025882</subfield>
    <subfield code="j">.i1297139x</subfield>
    <subfield code="l">u0503</subfield>
  </datafield>
  <datafield tag="945" ind1=" " ind2=" ">
    <subfield code="f">J</subfield>
    <subfield code="a">492.73:I13LiA:v.3:c.2</subfield>
    <subfield code="i">01025883</subfield>
    <subfield code="j">.i12971406</subfield>
    <subfield code="l">u0503</subfield>
  </datafield>
  <datafield tag="945" ind1=" " ind2=" ">
    <subfield code="f">J</subfield>
    <subfield code="a">492.73:I13LiA:v.4:c.1</subfield>
    <subfield code="i">01025885</subfield>
    <subfield code="j">.i1297142x</subfield>
    <subfield code="l">u0503</subfield>
  </datafield>
  <datafield tag="945" ind1=" " ind2=" ">
    <subfield code="f">J</subfield>
    <subfield code="a">492.73:I13LiA:v.4:c.2</subfield>
    <subfield code="i">01025886</subfield>
    <subfield code="j">.i12971431</subfield>
    <subfield code="l">u0503</subfield>
  </datafield>
  <datafield tag="945" ind1=" " ind2=" ">
    <subfield code="f">J</subfield>
    <subfield code="a">492.73:I13LiA:v.5:c.1</subfield>
    <subfield code="i">01025888</subfield>
    <subfield code="j">.i12971455</subfield>
    <subfield code="l">u0503</subfield>
  </datafield>
  <datafield tag="945" ind1=" " ind2=" ">
    <subfield code="f">J</subfield>
    <subfield code="a">492.73:I13LiA:v.5:c.2</subfield>
    <subfield code="i">01025889</subfield>
    <subfield code="j">.i12971467</subfield>
    <subfield code="l">u0503</subfield>
  </datafield>
  <datafield tag="945" ind1=" " ind2=" ">
    <subfield code="f">J</subfield>
    <subfield code="a">492.73:I13LiA:v.6:c.1</subfield>
    <subfield code="i">01025891</subfield>
    <subfield code="j">.i12971480</subfield>
    <subfield code="l">u0503</subfield>
  </datafield>
  <datafield tag="945" ind1=" " ind2=" ">
    <subfield code="f">J</subfield>
    <subfield code="a">492.73:I13LiA:v.6:c.2</subfield>
    <subfield code="i">01025892</subfield>
    <subfield code="j">.i12971492</subfield>
    <subfield code="l">u0503</subfield>
  </datafield>
  <datafield tag="945" ind1=" " ind2=" ">
    <subfield code="f">J</subfield>
    <subfield code="a">492.73:I13LiA:v.7:c.1</subfield>
    <subfield code="i">01025894</subfield>
    <subfield code="j">.i12971510</subfield>
    <subfield code="l">u0503</subfield>
  </datafield>
  <datafield tag="945" ind1=" " ind2=" ">
    <subfield code="f">J</subfield>
    <subfield code="a">492.73:I13LiA:v.7:c.2</subfield>
    <subfield code="i">01025895</subfield>
    <subfield code="j">.i12971522</subfield>
    <subfield code="l">u0503</subfield>
  </datafield>
  <datafield tag="945" ind1=" " ind2=" ">
    <subfield code="f">J</subfield>
    <subfield code="a">492.73:I13LiA:v.8:c.1</subfield>
    <subfield code="i">01025897</subfield>
    <subfield code="j">.i12971546</subfield>
    <subfield code="l">u0503</subfield>
  </datafield>
  <datafield tag="945" ind1=" " ind2=" ">
    <subfield code="f">J</subfield>
    <subfield code="a">492.73:I13LiA:v.8:c.2</subfield>
    <subfield code="i">01025898</subfield>
    <subfield code="j">.i12971558</subfield>
    <subfield code="l">u0503</subfield>
  </datafield>
  <datafield tag="945" ind1=" " ind2=" ">
    <subfield code="f">J</subfield>
    <subfield code="a">492.73:I13LiA:v.9:c.1</subfield>
    <subfield code="i">01025900</subfield>
    <subfield code="j">.i12971571</subfield>
    <subfield code="l">u0503</subfield>
  </datafield>
  <datafield tag="945" ind1=" " ind2=" ">
    <subfield code="f">J</subfield>
    <subfield code="a">492.73:I13LiA:v.9:c.2</subfield>
    <subfield code="i">01025901</subfield>
    <subfield code="j">.i12971583</subfield>
    <subfield code="l">u0503</subfield>
  </datafield>
  <datafield tag="945" ind1=" " ind2=" ">
    <subfield code="f">J</subfield>
    <subfield code="a">492.73:I13LiA:v.10:c.1</subfield>
    <subfield code="i">01025903</subfield>
    <subfield code="j">.i12971601</subfield>
    <subfield code="l">u0503</subfield>
  </datafield>
  <datafield tag="945" ind1=" " ind2=" ">
    <subfield code="f">J</subfield>
    <subfield code="a">492.73:I13LiA:v.10:c.2</subfield>
    <subfield code="i">01025904</subfield>
    <subfield code="j">.i12971613</subfield>
    <subfield code="l">u0503</subfield>
  </datafield>
  <datafield tag="945" ind1=" " ind2=" ">
    <subfield code="f">J</subfield>
    <subfield code="a">492.73:I13LiA:v.11:c.1</subfield>
    <subfield code="i">01025906</subfield>
    <subfield code="j">.i12971637</subfield>
    <subfield code="l">u0503</subfield>
  </datafield>
  <datafield tag="945" ind1=" " ind2=" ">
    <subfield code="f">J</subfield>
    <subfield code="a">492.73:I13LiA:v.11:c.2</subfield>
    <subfield code="i">01025907</subfield>
    <subfield code="j">.i12971649</subfield>
    <subfield code="l">u0503</subfield>
  </datafield>
  <datafield tag="945" ind1=" " ind2=" ">
    <subfield code="f">J</subfield>
    <subfield code="a">492.73:I13LiA:v.12:c.1</subfield>
    <subfield code="i">01025909</subfield>
    <subfield code="j">.i12971662</subfield>
    <subfield code="l">u0503</subfield>
  </datafield>
  <datafield tag="945" ind1=" " ind2=" ">
    <subfield code="f">J</subfield>
    <subfield code="a">492.73:I13LiA:v.12:c.2</subfield>
    <subfield code="i">01025910</subfield>
    <subfield code="j">.i12971674</subfield>
    <subfield code="l">u0503</subfield>
  </datafield>
  <datafield tag="945" ind1=" " ind2=" ">
    <subfield code="f">J</subfield>
    <subfield code="a">492.73:I13LiA:v.13:c.1</subfield>
    <subfield code="i">01025913</subfield>
    <subfield code="j">.i12971698</subfield>
    <subfield code="l">u0503</subfield>
  </datafield>
  <datafield tag="945" ind1=" " ind2=" ">
    <subfield code="f">J</subfield>
    <subfield code="a">492.73:I13LiA:v.13:c.2</subfield>
    <subfield code="i">01025914</subfield>
    <subfield code="j">.i12971704</subfield>
    <subfield code="l">u0503</subfield>
  </datafield>
  <datafield tag="945" ind1=" " ind2=" ">
    <subfield code="f">J</subfield>
    <subfield code="a">492.73:I13LiA:v.14:c.1</subfield>
    <subfield code="i">01025916</subfield>
    <subfield code="j">.i12971728</subfield>
    <subfield code="l">u0503</subfield>
  </datafield>
  <datafield tag="945" ind1=" " ind2=" ">
    <subfield code="f">J</subfield>
    <subfield code="a">492.73:I13LiA:v.14:c.2</subfield>
    <subfield code="i">01025917</subfield>
    <subfield code="j">.i1297173x</subfield>
    <subfield code="l">u0503</subfield>
  </datafield>
  <datafield tag="945" ind1=" " ind2=" ">
    <subfield code="f">J</subfield>
    <subfield code="a">492.73:I13LiA:v.15:c.1</subfield>
    <subfield code="i">01025919</subfield>
    <subfield code="j">.i12971753</subfield>
    <subfield code="l">u0503</subfield>
  </datafield>
  <datafield tag="945" ind1=" " ind2=" ">
    <subfield code="f">J</subfield>
    <subfield code="a">492.73:I13LiA:v.15:c.2</subfield>
    <subfield code="i">01025920</subfield>
    <subfield code="j">.i12971765</subfield>
    <subfield code="l">u0503</subfield>
  </datafield>
  <datafield tag="998" ind1=" " ind2=" ">
    <subfield code="a">u05</subfield>
    <subfield code="b">97-06-13</subfield>
    <subfield code="c">m</subfield>
    <subfield code="d">a  </subfield>
    <subfield code="e">-</subfield>
    <subfield code="f">ara</subfield>
    <subfield code="g">le </subfield>
    <subfield code="h">0</subfield>
    <subfield code="i">45</subfield>
  </datafield>
</record>
</collection>
